@misc{intel-design-guide,
  author       = {Intel Corporation},
  howpublished = {Website},
  organization = {Intel Corporation},
  title        = {ATX Version 3 Multi Rail Desktop Platform Power Supply},
  url          = {https://edc.intel.com/content/www/us/en/design/ipla/software-development-platforms/client/platforms/alder-lake-desktop/atx-version-3-0-multi-rail-desktop-platform-power-supply-design-guide/2.0/2.1a/dc-output-current-required/},
  year         = {2023}
}

@misc{schotkley-rr-loss,
  author       = {TOSHIBA ELECTRONIC DEVICES \& STORAGE CORPORATION},
  howpublished = {Website},
  organization = {TOSHIBA ELECTRONIC DEVICES \& STORAGE CORPORATION},
  title        = {Reverse Recovery Characteristic of Schottky Barrier Diodes \(SBDs\)},
  url          = {https://toshiba.semicon-storage.com/ap-en/semiconductor/knowledge/e-learning/discrete/chap2/chap2-11.html},
  year         = {2022}
}